<collection xmlns="http://www.loc.gov/MARC21/slim">
<record>
  <leader>01960nam0a2200325 i 450 </leader>
  <controlfield tag="001">IT\ICCU\CNCE\022163</controlfield>
  <controlfield tag="005">20090129000000.0</controlfield>
  <datafield tag="012" ind1=" " ind2=" ">
    <subfield code="a">i-ui a.do r-o- rech (3) 1546 (R)</subfield>
    <subfield code="2">fei</subfield>
  </datafield>
  <datafield tag="100" ind1=" " ind2=" ">
    <subfield code="a">19970101d1546        0itac0103    ba</subfield>
  </datafield>
  <datafield tag="101" ind1=" " ind2=" ">
    <subfield code="a">ITA</subfield>
  </datafield>
  <datafield tag="102" ind1=" " ind2=" ">
    <subfield code="a">IT</subfield>
  </datafield>
  <datafield tag="200" ind1="1" ind2=" ">
    <subfield code="a">Vita, gesti, costumi, discorsi, lettere di M. Aurelio imperatore, sapientissimo filosofo, et oratore eloquentissimo. Con la gionta di moltissime cose, che ne lo spagnuolo non erano, et de le cose spagnuole, che mancauano in la tradottione italiana</subfield>
  </datafield>
  <datafield tag="210" ind1=" " ind2=" ">
    <subfield code="a">\Venezia!</subfield>
    <subfield code="c">a San Luca al segno de la Cognitione</subfield>
    <subfield code="c">\al segno del Nettuno!</subfield>
    <subfield code="d">1546</subfield>
    <subfield code="e">In Vinegia</subfield>
    <subfield code="g">per Comin de Trino di Monferrato</subfield>
    <subfield code="h">l&apos;anno 1546</subfield>
  </datafield>
  <datafield tag="215" ind1=" " ind2=" ">
    <subfield code="a">183, \1! c.</subfield>
    <subfield code="d">8ʻ</subfield>
  </datafield>
  <datafield tag="620" ind1=" " ind2=" ">
    <subfield code="a">IT</subfield>
    <subfield code="d">Venezia</subfield>
  </datafield>
  <datafield tag="700" ind1=" " ind2="1">
    <subfield code="a">Guevara,</subfield>
    <subfield code="b">Antonio : de</subfield>
    <subfield code="3">IT\ICCU\CNCA\006353</subfield>
  </datafield>
  <datafield tag="702" ind1=" " ind2="1">
    <subfield code="a">Fausto,</subfield>
    <subfield code="b">Sebastiano</subfield>
    <subfield code="3">IT\ICCU\CNCA\003061</subfield>
  </datafield>
  <datafield tag="712" ind1="0" ind2="2">
    <subfield code="a">℗al segno della ℗Cognizione</subfield>
    <subfield code="3">IT\ICCU\CNCT\001569</subfield>
    <subfield code="4">650</subfield>
  </datafield>
  <datafield tag="712" ind1="0" ind2="2">
    <subfield code="a">Comin da Trino</subfield>
    <subfield code="3">IT\ICCU\CNCT\000112</subfield>
    <subfield code="4">650</subfield>
  </datafield>
  <datafield tag="712" ind1="0" ind2="2">
    <subfield code="a">℗Al segno del ℗Nettuno</subfield>
    <subfield code="3">IT\ICCU\CNCT\001254</subfield>
    <subfield code="4">650</subfield>
  </datafield>
  <datafield tag="790" ind1=" " ind2="0">
    <subfield code="a">Fausto</subfield>
    <subfield code="c"> : da#Longiano</subfield>
    <subfield code="3">IT\ICCU\CNCA\014025</subfield>
    <subfield code="z">Fausto, Sebastiano</subfield>
  </datafield>
  <datafield tag="791" ind1="0" ind2="2">
    <subfield code="a">℗Al segno della ℗Cognitione</subfield>
    <subfield code="3">IT\ICCU\CNCT\004626</subfield>
    <subfield code="z">℗al segno della ℗Cognizione</subfield>
  </datafield>
  <datafield tag="791" ind1="0" ind2="2">
    <subfield code="a">℗ad signum ℗Cognitionis</subfield>
    <subfield code="3">IT\ICCU\CNCT\004627</subfield>
    <subfield code="z">℗al segno della ℗Cognizione</subfield>
  </datafield>
  <datafield tag="791" ind1="0" ind2="2">
    <subfield code="a">Cominus de Tridino</subfield>
    <subfield code="3">IT\ICCU\CNCT\004645</subfield>
    <subfield code="z">Comin da Trino</subfield>
  </datafield>
  <datafield tag="791" ind1="0" ind2="0">
    <subfield code="a">Trino, Comin</subfield>
    <subfield code="3">IT\ICCU\CNCT\004646</subfield>
    <subfield code="z">Comin da Trino</subfield>
  </datafield>
  <datafield tag="801" ind1=" " ind2="3">
    <subfield code="a">IT</subfield>
    <subfield code="b">ICCU</subfield>
    <subfield code="c">20201114</subfield>
  </datafield>
  <datafield tag="899" ind1=" " ind2=" ">
    <subfield code="a">Biblioteca statale Isontina. Gorizia</subfield>
    <subfield code="1">GO0025</subfield>
    <subfield code="2">TSA BI</subfield>
  </datafield>
  <datafield tag="899" ind1=" " ind2=" ">
    <subfield code="a">Fondazione Biblioteca S. Bernardino. Trento</subfield>
    <subfield code="z">MUTILO</subfield>
    <subfield code="1">TN0122</subfield>
    <subfield code="2">ZTN 18</subfield>
  </datafield>
  <datafield tag="911" ind1=" " ind2=" ">
    <subfield code="a">Sul front.</subfield>
    <subfield code="9">IT\ICCU\CNCM\000605</subfield>
  </datafield>
  <datafield tag="921" ind1=" " ind2=" ">
    <subfield code="a">IT\ICCU\CNCM\000605</subfield>
    <subfield code="b">Nettuno colpisce col tridente un serpente marino con testa di cavallo.</subfield>
    <subfield code="e">Serpentis astutia vasa irae, at Dei nostri pietas, plectos fecit vasa misericordiae</subfield>
    <subfield code="c">V318</subfield>
    <subfield code="d">Dimensioni: 5,5 x 6. Con o senza motto</subfield>
    <subfield code="f">NETTUNO</subfield>
    <subfield code="f">SERPENTE</subfield>
    <subfield code="f">SERPENTISA</subfield>
    <subfield code="f">TRIDENTE</subfield>
    <subfield code="g">1544-1548</subfield>
  </datafield>
</record>
</collection>
